@inproceedings{hunt1999detours,
  title="Detours: Binaryinterception ofwin 3 2 functions",
  author="Hunt, Galen and Brubacher, Doug",
  booktitle="3rd usenix windows nt symposium",
  year="1999"
}

@inproceedings{xiong2010ad,
  title="{Ad Hoc Synchronization Considered Harmful.}",
  author="{Xiong, Weiwei and Park, Soyeon and Zhang, Jiaqi and Zhou, Yuanyuan and Ma, Zhiqiang}",
  booktitle="{OSDI}",
  year="{2010}"
}

@inproceedings{ravindranath2012appinsight,
  title="{AppInsight: mobile app performance monitoring in the wild}",
  author="{Ravindranath, Lenin and Padhye, Jitendra and Agarwal, Sharad and Mahajan, Ratul and Obermiller, Ian and Shayandeh, Shahin}",
  booktitle="{Presented as part of the 10th USENIX Symposium on Operating Systems Design and Implementation OSDI 12}",
  year="{2012}"
}

@inproceedings{chen2002pinpoint,
  title="{Pinpoint: Problem determination in large, dynamic internet services}",
  author="{Chen, Mike Y and Kiciman, Emre and Fratkin, Eugene and Fox, Armando and Brewer, Eric}",
  booktitle="{Proceedings International Conference on Dependable Systems and Networks}",
  year="{2002}"
}

@inproceedings{barham2004using,
  title="{Using Magpie for request extraction and workload modelling.}",
  author="{Barham, Paul and Donnelly, Austin and Isaacs, Rebecca and Mortier, Richard}",
  booktitle="{OSDI}",
  year="{2004}"
}

@inproceedings{aguilera2003performance,
  title="{Performance debugging for distributed systems of black boxes}",
  author="{Aguilera, Marcos K and Mogul, Jeffrey C and Wiener, Janet L and Reynolds, Patrick and Muthitacharoen, Athicha}",
  booktitle="{ACM SIGOPS Operating Systems Review}",
  year="{2003}"
}

@inproceedings{reynolds2006wap5,
  title="{WAP5: black-box performance debugging for wide-area systems}",
  author="{Reynolds, Patrick and Wiener, Janet L and Mogul, Jeffrey C and Aguilera, Marcos K and Vahdat, Amin}",
  booktitle="{Proceedings of the 15th international conference on World Wide Web}",
  year="{2006}"
}

@inproceedings{reynolds2006pip,
  title="{Pip: Detecting the Unexpected in Distributed Systems.}",
  author="{Reynolds, Patrick and Killian, Charles Edwin and Wiener, Janet L and Mogul, Jeffrey C and Shah, Mehul A and Vahdat, Amin}",
  booktitle="{NSDI}",
  year="{2006}"
}

@inproceedings{bhatia2008lightweight,
  title="{Lightweight, High-Resolution Monitoring for Troubleshooting Production Systems.}",
  author="{Bhatia, Sapan and Kumar, Abhishek and Fiuczynski, Marc E and Peterson, Larry L}",
  booktitle="{OSDI}",
  year="{2008}"
}

@techreport{benjamin2010dapper,
  title = "{Dapper, a Large-Scale Distributed Systems Tracing Infrastructure}",
  author = "{Benjamin H. Sigelman and Luiz Andr√© Barroso and Mike Burrows and Pat Stephenson and Manoj Plakal and Donald Beaver and Saul Jaspan and Chandan Shanbhag}",
  year  = "{2010}"
}

@inproceedings{sambasivan2011diagnosing,
  title="{Diagnosing Performance Changes by Comparing Request Flows.}",
  author="{Sambasivan, Raja R and Zheng, Alice X and De Rosa, Michael and Krevat, Elie and Whitman, Spencer and Stroucken, Michael and Wang, William and Xu, Lianghong and Ganger, Gregory R}",
  booktitle="{NSDI}",
  year="{2011}"
}

@article{harter2012file,
  title="{A file is not a file: understanding the I/O behavior of Apple desktop applications}",
  author="{Harter, Tyler and Dragga, Chris and Vaughn, Michael and Arpaci-Dusseau, Andrea C and Arpaci-Dusseau, Remzi H}",
  journal="{ACM Transactions on Computer Systems (TOCS)}",
  year="{2012}",
  publisher="{ACM}"
}

@inproceedings{zhang2013panappticon,
  title="{Panappticon: event-based tracing to measure mobile application and platform performance}",
  author="{Zhang, Lide and Bild, David R and Dick, Robert P and Mao, Z Morley and Dinda, Peter}",
  booktitle="{2013 International Conference on Hardware/Software Codesign and System Synthesis (CODES+ ISSS)}",
  year="{2013}"
}

@inproceedings{cohen2004correlating,
  title="{Correlating Instrumentation Data to System States: A Building Block for Automated Diagnosis and Control.}",
  author="{Cohen, Ira and Chase, Jeffrey S and Goldszmidt, Moises and Kelly, Terence and Symons, Julie}",
  booktitle="{OSDI}",
  year="{2004}"
}

@inproceedings{yuan2006automated,
  title="{Automated known problem diagnosis with event traces}",
  author="{Yuan, Chun and Lao, Ni and Wen, Ji-Rong and Li, Jiwei and Zhang, Zheng and Wang, Yi-Min and Ma, Wei-Ying}",
  booktitle="{ACM SIGOPS Operating Systems Review}",
  year="{2006}"
}

@inproceedings{attariyan2012x,
  title="{X-ray: Automating root-cause diagnosis of performance anomalies in production software}",
  author="{Attariyan, Mona and Chow, Michael and Flinn, Jason}",
  booktitle="{Presented as part of the 10th USENIX Symposium on Operating Systems Design and Implementation OSDI 12}",
  year="{2012}"
}

@inproceedings{fonseca2007x,
  title="{X-trace: A pervasive network tracing framework}",
  author="{Fonseca, Rodrigo and Porter, George and Katz, Randy H and Shenker, Scott and Stoica, Ion}",
  booktitle="{Proceedings of the 4th USENIX conference on Networked systems design \& implementation}",
  year="{2007}"
}


@inproceedings{cain2000callgraph,
  title="{A callgraph-based search strategy for automated performance diagnosis}",
  author="{Cain, Harold W and Miller, Barton P and Wylie, Brian JN}",
  booktitle="{European Conference on Parallel Processing}",
  year="{2000}"
}

@incollection{mirgorodskiy2004crosswalk,
  title="{CrossWalk: A tool for performance profiling across the user-kernel boundary}",
  author="{Mirgorodskiy, Alexander V and Miller, Barton P}",
  booktitle="{Advances in Parallel Computing}",
  year="{2004}",
  publisher="{Elsevier}"
}

@inproceedings{chanda2007whodunit,
  title="{Whodunit: Transactional profiling for multi-tier applications}",
  author="{Chanda, Anupam and Cox, Alan L and Zwaenepoel, Willy}",
  booktitle="{ACM SIGOPS Operating Systems Review}",
  year="{2007}"
}

@inproceedings{traeger2008darc,
  title="{DARC: Dynamic analysis of root causes of latency distributions}",
  author="{Traeger, Avishay and Deras, Ivan and Zadok, Erez}",
  booktitle="{ACM SIGMETRICS Performance Evaluation Review}",
  year="{2008}"
}

@inproceedings{jovic2011catch,
  title="{Catch me if you can: performance bug detection in the wild}",
  author="{Jovic, Milan and Adamoli, Andrea and Hauswirth, Matthias}",
  booktitle="{ACM SIGPLAN Notices}",
  year="{2011}"
}

@inproceedings{saidi2008full,
  title="{Full-system critical path analysis}",
  author="{Saidi, Ali G and Binkert, Nathan L and Reinhardt, Steven K and Mudge, Trevor}",
  booktitle="{ISPASS 2008-IEEE International Symposium on Performance Analysis of Systems and software}",
  year="{2008}",
}

@inproceedings{wang2013demystifying,
  title="{Demystifying page load performance with WProf}",
  author="{Wang, Xiao Sophia and Balasubramanian, Aruna and Krishnamurthy, Arvind and Wetherall, David}",
  booktitle="{Presented as part of the 10th USENIX Symposium on Networked Systems Design and Implementation NSDI 13)}",
  year="{2013}"
}


@inproceedings{kang2016diagdroid,
  title="{DiagDroid: Android performance diagnosis via anatomizing asynchronous executions}",
  author="{Kang, Yu and Zhou, Yangfan and Xu, Hui and Lyu, Michael R}",
  booktitle="{Proceedings of the 2016 24th ACM SIGSOFT International Symposium on Foundations of Software Engineering}",
  year="{2016}"
}

@inproceedings{xu2009detecting,
  title="{Detecting large-scale system problems by mining console logs}",
  author="{Xu, Wei and Huang, Ling and Fox, Armando and Patterson, David and Jordan, Michael I}",
  booktitle="{Proceedings of the ACM SIGOPS 22nd symposium on Operating systems principles}",
  year="{2009}"
}

@inproceedings{nagaraj2012structured,
  title="{Structured comparative analysis of systems logs to diagnose performance problems}",
  author="{Nagaraj, Karthik and Killian, Charles and Neville, Jennifer}",
  booktitle="{Proceedings of the 9th USENIX conference on Networked Systems Design and Implementation}",
  year="{2012}"
}

@inproceedings{han2012performance,
  title="{Performance debugging in the large via mining millions of stack traces}",
  author="{Han, Shi and Dang, Yingnong and Ge, Song and Zhang, Dongmei and Xie, Tao}",
  booktitle="{Proceedings of the 34th International Conference on Software Engineering}",
  year="{2012}"
}

@inproceedings{yuan2012conservative,
  title="{Be conservative: enhancing failure diagnosis with proactive logging}",
  author="{Yuan, Ding and Park, Soyeon and Huang, Peng and Liu, Yang and Lee, Michael M and Tang, Xiaoming and Zhou, Yuanyuan and Savage, Stefan}",
  booktitle="{Presented as part of the 10th USENIX Symposium on Operating Systems Design and Implementation OSDI 12)}",
  year="{2012}"
}

@inproceedings{chow2014mystery,
  title="{The mystery machine: End-to-end performance analysis of large-scale internet services}",
  author="{Chow, Michael and Meisner, David and Flinn, Jason and Peek, Daniel and Wenisch, Thomas F}",
  booktitle="{11th USENIX Symposium on Operating Systems Design and Implementation OSDI 14)}",
  year="{2014}"
}

@inproceedings{zhao2016non,
  title="{Non-intrusive performance profiling for entire software stacks based on the flow reconstruction principle}",
  author="{Zhao, Xu and Rodrigues, Kirk and Luo, Yu and Yuan, Ding and Stumm, Michael}",
  booktitle="{12th USENIX Symposium on Operating Systems Design and Implementation OSDI 16)}",
  year="{2016}"
}

@inproceedings{cohen2005capturing,
  title="{Capturing, indexing, clustering, and retrieving system history}",
  author="{Cohen, Ira and Zhang, Steve and Goldszmidt, Moises and Symons, Julie and Kelly, Terence and Fox, Armando}",
  booktitle="{ACM SIGOPS Operating Systems Review}",
  year="{2005}"
}

@inproceedings{thereska2010practical,
  title="{Practical performance models for complex, popular applications}",
  author="{Thereska, Eno and Doebel, Bjoern and Zheng, Alice X and Nobel, Peter}",
  booktitle="{ACM SIGMETRICS Performance Evaluation Review}",
  year="{2010}"
}

@inproceedings{nistor2013toddler,
  title="{Toddler: Detecting performance problems via similar memory-access patterns}",
  author="{Nistor, Adrian and Song, Linhai and Marinov, Darko and Lu, Shan}",
  booktitle="{Proceedings of the 2013 International Conference on Software Engineering}",
  year="{2013}"
}

@inproceedings{xiao2013context,
  title="{Context-sensitive delta inference for identifying workload-dependent performance bottlenecks}",
  author="{Xiao, Xusheng and Han, Shi and Zhang, Dongmei and Xie, Tao}",
  booktitle="{Proceedings of the 2013 International Symposium on Software Testing and Analysis}",
  year="{2013}"
}

@inproceedings{wang2008hang,
  title="{Hang analysis: fighting responsiveness bugs}",
  author="{Wang, Xi and Guo, Zhenyu and Liu, Xuezheng and Xu, Zhilei and Lin, Haoxiang and Wang, Xiaoge and Zhang, Zheng}",
  booktitle="{ACM SIGOPS Operating Systems Review - EuroSys '08}",
  year="{2008}"
}

@inproceedings{du2017deeplog,
  title="{Deeplog: Anomaly detection and diagnosis from system logs through deep learning}",
  author="{Du, Min and Li, Feifei and Zheng, Guineng and Srikumar, Vivek}",
  booktitle="{Proceedings of the 2017 ACM SIGSAC Conference on Computer and Communications Security}",
  year="{2017}"
}

@inproceedings{yu2014comprehending,
  title="{Comprehending performance from real-world execution traces: A device-driver case}",
  author="{Yu, Xiao and Han, Shi and Zhang, Dongmei and Xie, Tao}",
  booktitle="{ACM SIGPLAN Notices}",
  year="{2014}"
}

@inproceedings{king2005debugging,
  title="{Debugging operating systems with time-traveling virtual machines}",
  author="{King, Samuel T and Dunlap, George W and Chen, Peter M}",
  booktitle="{Proceedings of the annual conference on USENIX Annual Technical Conference}",
  year="{2005}"
}
@inproceedings{dunlap2008execution,
  title="{Execution replay of multiprocessor virtual machines}",
  author="{Dunlap, George W and Lucchetti, Dominic G and Fetterman, Michael A and Chen, Peter M}",
  booktitle="{Proceedings of the fourth ACM SIGPLAN/SIGOPS international conference on Virtual execution environments}",
  year="{2008}"
}

@misc{chromiumbugreport,
  title = "{Issue 115920: Response time can be really long with some IMEs (e.g. Pinyin IME (Apple), Sogou Pinyin IME)}",
  year = "{2012}",
  howpublished = "\url{https://bugs.chromium.org/p/chromium/issues/detail?id=115920}"
}

@misc{chromiumurl,
  title = "{The Chromium Projects}",
  year = "{2008}",
  howpublished= "\url{https://www.chromium.org}"
}

@misc{twolayernamespace,
  howpublished = "\url{http://mirror.informatimago.com/next/developer.apple.com/releasenotes/DeveloperTools/TwoLevelNamespaces.html}"
}

@misc{disablemonitor,
    year = "{2018}",
    howpublished = "\url{https://github.com/Eun/DisableMonitor}"
}

@misc{TeXStudio,
	howpublished="\url{https://www.texstudio.org}"
}

@misc{SequelPro,
	howpublished="\url{https://www.sequelpro.com}"
}

@misc{Installer,
	howpublished="\url{https://en.wikipedia.org/wiki/Installer_(macOS)}"
}

@misc{linktotracetool,
	howpublished ="\url{https://opensource.apple.com/source/system_cmds/system_cmds-671.10.3/trace.tproj}"
}

@misc{linkofxnusourcecode,
	howpublished="\url{https://opensource.apple.com/source/xnu}"
}

