@string{POT = "Proceedings of the"}
@string{SPE = "Software: Practice and Experience"}
@string{JPDC = "Journal of Parallel and Distributed Computing"}
@string{TOC = "IEEE Transactions on Computers"}
@string{TOCS = "ACM Transactions on Computer Systems"}
@string{TOPLAS = "ACM Transactions on Programming Languages and Systems"}
@string{TOS = "ACM Transactions on Storage Systems"}
@string{SOSP = "ACM Symposium on Operating Systems Principles"}
@string{ASPLOS = "International Conference on Architecture Support for Programming Languages and Operating Systems"}
@string{PLOS = "Workshop on Programming Languages and Operating Systems"}
@string{BSTJ = "Bell Systems Technical Journal"}
@string{IBMRD = "IBM J. Research and Development"}
@string{OSR = "Operating System Review"}
@string{SAS = "International Static Analysis Symposium"}
@string{POTAS = "Proceedings of the ACM SIGPLAN"}
@string{POTS = "Proceedings of the SIGPLAN"}
@string{PLDI = "Conference on Programming Language Design and Implementation"}
@string{CC = "Symposium on Compiler Construction"}
@string{CACM = "Communications of the ACM"}
@string{JACM = "Journal of the ACM"}
@string{ATTTJ = "AT&T Bell Laboratories Technical Journal"}
@string{DYNAMO1 = POTS # " Workshop on Dynamic and Adaptive Compilation and Optimization"}

@string{ASPLOS1 = "First " # ASPLOS}
@string{ASPLOS2 = "Second " # ASPLOS}
@string{ASPLOS3 = "Third " # ASPLOS}
@string{ASPLOS4 = "Fourth " # ASPLOS}
@string{ASPLOS5 = "Fifth " # ASPLOS}
@string{ASPLOS6 = "Sixth " # ASPLOS}
@string{ASPLOS12 = "Twelfth " # ASPLOS # " (ASPLOS '06)"}
@string{ASPLOS13 = "Thirteenth " # ASPLOS # " (ASPLOS '08)"}
@string{ASPLOS14 = "Fourteenth " # ASPLOS # " (ASPLOS '09)"}
@string{ASPLOS15 = "Fifteenth " # ASPLOS # " (ASPLOS '10)"}
@string{ASPLOS16 = "Sixteenth " # ASPLOS # " (ASPLOS '11)"}
@string{ASPLOS17 = "Seventeenth " # ASPLOS # " (ASPLOS '12)"}
@string{ASPLOS18 = "Eighteenth " # ASPLOS # " (ASPLOS '13)"}

@string{PLOS8 = "Eighth " # PLOS # " (PLOS '15)"}

@string{OSDI = "Symposium on Operating Systems Design and Implementation"}
@string{OSDI1 = "Proceedings of the First " # OSDI # " (OSDI '94)"}
@string{OSDI2 = "Proceedings of the Second " # OSDI # " (OSDI '96)"}
@string{OSDI3 = "Proceedings of the Third " # OSDI # " (OSDI '99)"}
@string{OSDI4 = "Proceedings of the Fourth " # OSDI # " (OSDI '00)"}
@string{OSDI5 = "Proceedings of the Fifth " # OSDI # " (OSDI '02)"}
@string{OSDI6 = "Proceedings of the Sixth " # OSDI # " (OSDI '04)"}
@string{OSDI7 = "Proceedings of the Seventh " # OSDI # " (OSDI '06)"}
@string{OSDI8 = "Proceedings of the Eighth " # OSDI # " (OSDI '08)"}
@string{OSDI9 = "Proceedings of the Ninth " # OSDI # " (OSDI '10)"}
@string{OSDI10 = "Proceedings of the Tenth " # OSDI # " (OSDI '12)"}
@string{OSDI11 = "Proceedings of the Eleventh " # OSDI # " (OSDI '14)"}

@string{CAV = "International Conference On Computer Aided Verification"}
@string{CAV03 = "Proceedings of the 15th " # CAV # " (CAV '03)"}
@string{CAV07 = "Proceedings of the 19th " # CAV # " (CAV '07)"}
@string{CAV11 = "Proceedings of the 23rd " # CAV # " (CAV '11)"}
@string{CAV12 = "Proceedings of the 24th " # CAV # " (CAV '12)"}

@string{SIGCOMM = "ACM Communication Architectures, Protocols, and Applications (SIGCOMM)"}
@string{SIGCOMM96 = SIGCOMM # " 1996"}
@string{SIGCOMM95 = SIGCOMM # " 1995"}
@string{SIGCOMM94 = SIGCOMM # " 1994"}
@string{SIGCOMM93 = SIGCOMM # " 1993"}
@string{SIGCOMM92 = SIGCOMM # " 1992"}
@string{SIGCOMM91 = SIGCOMM # " 1991"}
@string{SIGCOMM90 = SIGCOMM # " 1990"}

@string{SOSP1 = "Proceedings of the First " # SOSP}
@string{SOSP2 = "Proceedings of the Second " # SOSP}
@string{SOSP3 = "Proceedings of the Fifth " # SOSP}
@string{SOSP4 = "Proceedings of the Fifth " # SOSP}
@string{SOSP5 = "Proceedings of the Fifth " # SOSP}
@string{SOSP6 = "Proceedings of the Fifth " # SOSP}
@string{SOSP7 = "Proceedings of the Seventh " # SOSP}
@string{SOSP8 = "Proceedings of the Eighth " # SOSP}
@string{SOSP10 = "Proceedings of the 10th " # SOSP}
@string{SOSP11 = "Proceedings of the 11th " # SOSP}
@string{SOSP12 = "Proceedings of the 12th " # SOSP # " (SOSP '89)"}
@string{SOSP13 = "Proceedings of the 13th " # SOSP # " (SOSP '91)"}
@string{SOSP14 = "Proceedings of the 14th " # SOSP # " (SOSP '93)"}
@string{SOSP15 = "Proceedings of the 15th " # SOSP # " (SOSP '95)"}
@string{SOSP16 = "Proceedings of the 16th " # SOSP # " (SOSP '97)"}
@string{SOSP17 = "Proceedings of the 17th " # SOSP # " (SOSP '99)"}
@string{SOSP18 = "Proceedings of the 18th " # SOSP # " (SOSP '01)"}
@string{SOSP19 = "Proceedings of the 19th " # SOSP # " (SOSP '03)"}
@string{SOSP20 = "Proceedings of the 20th " # SOSP # " (SOSP '05)"}
@string{SOSP21 = "Proceedings of the 21st " # SOSP # " (SOSP '07)"}
@string{SOSP22 = "Proceedings of the 22nd " # SOSP # " (SOSP '09)"}
@string{SOSP23 = "Proceedings of the 23rd " # SOSP # " (SOSP '11)"}
@string{SOSP24 = "Proceedings of the 24th " # SOSP # " (SOSP '13)"}
@string{SOSP25 = "Proceedings of the 25th " # SOSP # " (SOSP '15)"}

@string{SOSP2013 = SOSP24}

@string{SOCC = "Symposium on Cloud Computing"}

@string{SOCC10 = POT # " 1st " # SOCC # " (SOCC '10)"}

@string{USEC = "USENIX Security Symposium"}

@string{USEC7  = "Proceedings of the Seventh " # USEC}
@string{USEC10 = "Proceedings of the 10th " # USEC}
@string{USEC11 = "Proceedings of the 11th " # USEC}
@string{USEC12 = "Proceedings of the 12th " # USEC}
@string{USEC13 = "Proceedings of the 13th " # USEC}
@string{USEC14 = "Proceedings of the 14th " # USEC}


@string{BERKELEY = "Computer Science Division, University of California, Berkeley"}

@string{LOPLAS = "Letters on Programming Languages and Systems"}
@string{CompLang = "Computer Languages"}
@string{IBMJRD = "IBM Journal of Research and Development"}

@string{ISSTA = "International Symposium on Software Testing and Analysis"}
@string{ISSTA11 = POT # " 2011 " # ISSTA # " (ISSTA '11)"}

@string{IEEEC = "IEEE Computer"}
@string{IEEES = "IEEE Software"}
@string{IEEESE = "IEEE Transactions on Software Engineering"}
@string{IEEETC = "IEEE Transactions on Computers"}
@string{ADM = "Annals of Discrete Mathematics"}
@string{SIAMJC = "SIAM Journal on Computing"}
@string{IJPP = "International Journal of Parallel Programming"}
@string{ICSC = "International Conference on Supercomputing"}

@string{OOPSLA = "Conference on Object-Oriented Programming Systems, Languages, and Applications "}
@string{OOPSLA90 = OOPSLA # "(OOPSLA '90)"}
@string{OOPSLA91 = OOPSLA # "(OOPSLA '91)"}
@string{OOPSLA92 = OOPSLA # "(OOPSLA '92)"}
@string{OOPSLA93 = OOPSLA # "(OOPSLA '93)"}
@string{OOPSLA94 = OOPSLA # "(OOPSLA '94)"}
@string{OOPSLA99 = OOPSLA # "(OOPSLA '99)"}
@string{OOPSLA09 = OOPSLA # "(OOPSLA '09)"}
@string{OOPSLA10 = OOPSLA # "(OOPSLA '10)"}
@string{OOPSLA11 = OOPSLA # "(OOPSLA '11)"}
@string{OOPSLA12 = OOPSLA # "(OOPSLA '12)"}
@string{OOPSLA13 = OOPSLA # "(OOPSLA '13)"}

@string{ASPLOS87 = "Second " # ASPLOS}
@string{ASPLOS89 = "Third " # ASPLOS}
@string{ASPLOS91 = "Fourth " # ASPLOS}
@string{ASPLOS92 = "Fifth " # ASPLOS}
@string{ASPLOS00 = "Ninth " # ASPLOS}

@string{POPL = "Annual Symposium on Principles of Programming Languages"}


@string{POPL76 = POT # " 3rd " # POPL}
@string{POPL77 = POT # " 4th " # POPL}
@string{POPL78 = POT # " 5th " # POPL}
@string{POPL81 = POT # " 8th " # POPL}
@string{POPL82 = POT # " 9th " # POPL}
@string{POPL84 = POT # " 11th " # POPL}
@string{POPL85 = POT # " 12th " # POPL}
@string{POPL86 = POT # " 13th " # POPL}
@string{POPL87 = POT # " 14th " # POPL}
@string{POPL88 = POT # " 15th " # POPL}
@string{POPL89 = POT # " 16th " # POPL}
@string{POPL90 = POT # " 17th " # POPL}
@string{POPL91 = POT # " 18th " # POPL}
@string{POPL92 = POT # " 19th " # POPL # " (POPL '92)"}
@string{POPL93 = POT # " 20th " # POPL # " (POPL '93)"}
@string{POPL94 = POT # " 21th " # POPL # " (POPL '94)"}
@string{POPL95 = POT # " 22th " # POPL # " (POPL '95)"}
@string{POPL96 = POT # " 23rd " # POPL # " (POPL '96)"}
@string{POPL97 = POT # " 24th " # POPL # " (POPL '97)"}
@string{POPL02 = POT # " 29th " # POPL # " (POPL '02)"}
@string{POPL05 = POT # " 32nd " # POPL # " (POPL '05)"}
@string{POPL09 = POT # " 36th " # POPL # " (POPL '09)"}
@string{POPL11 = POT # " 38th " # POPL # " (POPL '11)"}
@string{POPL12 = POT # " 39th " # POPL # " (POPL '12)"}
@string{POPL13 = POT # " 39th " # POPL # " (POPL '13)"}
@string{POPL14 = POT # " 39th " # POPL # " (POPL '14)"}
@string{POPL15 = POT # " 39th " # POPL # " (POPL '15)"}
@string{POPL16 = POT # " 39th " # POPL # " (POPL '16)"}

@string{SIGPLAN79 = POTAS # " '79 " # CC}
@string{SIGPLAN82 = POTAS # " '82 " # CC}
@string{SIGPLAN84 = POTAS # " '84 " # CC}
@string{SIGPLAN86 = POTS # " '86 " # CC}
@string{SIGPLAN88 = POTS # " '88 " # PLDI}
@string{SIGPLAN89 = POTAS # " '89 " # PLDI}
@string{SIGPLAN90 = POTAS # " '90 " # PLDI # " (PLDI '90)" }
@string{SIGPLAN91 = POTAS # " '91 " # PLDI}
@string{SIGPLAN92 = POTAS # " '92 " # PLDI}
@string{SIGPLAN93 = POTAS # " '93 " # PLDI}
@string{SIGPLAN94 = POTAS # " '94 " # PLDI}
@string{SIGPLAN95 = POTAS # " '95 " # PLDI}
@string{SIGPLAN96 = POTAS # " '96 " # PLDI}
@string{SIGPLAN97 = POTAS # " '97 " # PLDI}
@string{SIGPLAN98 = POTAS # " '98 " # PLDI}
@string{SIGPLAN99 = POTAS # " '99 " # PLDI}
@string{SIGPLAN00 = POTAS # " 2000 " # PLDI # " (PLDI '00)"}
@string{SIGPLAN01 = POTAS # " 2001 " # PLDI # " (PLDI '01)"}
@string{SIGPLAN02 = POTAS # " 2002 " # PLDI # " (PLDI '02)"}
@string{SIGPLAN03 = POTAS # " 2003 " # PLDI # " (PLDI '03)"}
@string{SIGPLAN04 = POTAS # " 2004 " # PLDI # " (PLDI '04)"}
@string{SIGPLAN05 = POTAS # " 2005 " # PLDI # " (PLDI '05)"}
@string{SIGPLAN06 = POTAS # " 2006 " # PLDI # " (PLDI '06)"}
@string{SIGPLAN07 = POTAS # " 2007 " # PLDI # " (PLDI '07)"}
@string{SIGPLAN08 = POTAS # " 2008 " # PLDI # " (PLDI '08)"}
@string{SIGPLAN09 = POTAS # " 2009 " # PLDI # " (PLDI '09)"}
@string{SIGPLAN10 = POTAS # " 2010 " # PLDI # " (PLDI '10)"}
@string{SIGPLAN11 = POTAS # " 2011 " # PLDI # " (PLDI '11)"}
@string{SIGPLAN12 = POTAS # " 2012 " # PLDI # " (PLDI '12)"}
@string{SIGPLAN13 = POTAS # " 2013 " # PLDI # " (PLDI '13)"}
@string{SIGPLAN14 = POTAS # " 2014 " # PLDI # " (PLDI '14)"}

@string{CC02 = POT # " 11th " # CC # " (CC '02)"}
@string{CC03 = POT # " 12th " # CC # " (CC '03)"}

@string{SIGPLAN = "SIGPLAN Notices"}

@string{SAS02 = "9th " # SAS # " (SAS '02)"}
@string{SAS03 = "10th " # SAS # " (SAS '03)"}
@string{SAS07 = "14th " # SAS # " (SAS '07)"}
@string{SAS11 = "18th " # SAS # " (SAS '11)"}

@string{NSDI =  "Symposium on Networked Systems Design and Implementation"}
@string{NSDI1 = "Proceedings of the First " # NSDI # " (NSDI '04)"}
@string{NSDI2 = "Proceedings of the Second " # NSDI # " (NSDI '05)"}
@string{NSDI3 = "Proceedings of the Third " # NSDI # " (NSDI '06)"}
@string{NSDI4 = "Proceedings of the Fourth " # NSDI # " (NSDI '07)"}
@string{NSDI5 = "Proceedings of the Fifth " # NSDI # " (NSDI '08)"}
@string{NSDI6 = "Proceedings of the Sixth " # NSDI # " (NSDI '09)"}

@string{BUGS = "Workshop on the Evaluation of Software Defect Detection Tools"}
@string{BUGS05 = POT # " first " # BUGS # " (BUGS '05)"}

@string{FAST = "USENIX conference on File and Storage Technologies"}
@string{FAST02 = "First " # FAST}
@string{FAST2012 = "Proceedings of the 10th USENIX Conference on File and Storage Technologies"}


@string{UWTC = POT # " USENIX Winter Technical Conference"}
@string{UWTC92 = UWTC # " (USENIX Winter '92)"}


@string{UATC = POT # " USENIX Annual Technical Conference"}
@string{UATC04 = UATC # " (USENIX '04)"}
@string{UATC05 = UATC # " (USENIX '05)"}
@string{UATC06 = UATC # " (USENIX '06)"}
@string{UATC07 = UATC # " (USENIX '07)"}
@string{UATC08 = UATC # " (USENIX '08)"}
@string{UATC09 = UATC # " (USENIX '09)"}
@string{UATC10 = UATC # " (USENIX '10)"}
@string{UATC11 = UATC # " (USENIX '11)"}
@string{UATC12 = UATC # " (USENIX '12)"}
@string{UATC14 = UATC # " (USENIX '14)"}
@string{ATC2014 = "Proceedings of the 2014 USENIX Conference on USENIX Annual Technical Conference"}
@string{UATC15 = UATC # " (USENIX ATC '15)"}

@string{SPIN = "International SPIN Workshop on Model Checking of Software"}
@string{SPIN7 = POT # " Seventh " # SPIN # " (SPIN '00)"}
@string{SPIN8 = POT # " Eighth " # SPIN # " (SPIN '01)"}
@string{SPIN9 = POT # " Ninth " # SPIN # " (SPIN '02)"}
@string{SPIN10 = POT # " 10th " # SPIN # " (SPIN '03)"}
@string{SPIN11 = POT # " 11th " # SPIN # " (SPIN '04)"}
@string{SPIN12 = POT # " 12th " # SPIN # " (SPIN '05)"}

@string{VEE = "International Conference on Virtual Execution Environments"}
@string{VEE06 = POT # " 2nd " # VEE # " (VEE '06)"}
@string{VEE08 = POT # " 4th " # VEE # " (VEE '08)"}

@string{ASE = "IEEE/ACM International Conference on Automated software engineering"}
@string{ASE00 = POT # " 15th " # ASE # " (ASE '00)"}
@string{ASE01 = POT # " 16th " # ASE # " (ASE '01)"}
@string{ASE08 = POT # " 23rd " # ASE # " (ASE '08)"}
@string{ASE10 = POT # " 25th " # ASE # " (ASE '10)"}

@string{ICSE = "International Conference on Software Engineering"}
@string{ICSE5 = POT # " 5th " # ICSE # " (ICSE '81)"}
@string{ICSE22 = POT # " 22nd " # ICSE # " (ICSE '00)"}
@string{ICSE23 = POT # " 23rd " # ICSE # " (ICSE '01)"}
@string{ICSE24 = POT # " 24th " # ICSE # " (ICSE '02)"}
@string{ICSE27 = POT # " 27th " # ICSE # " (ICSE '05)"}
@string{ICSE28 = POT # " 28th " # ICSE # " (ICSE '06)"}
@string{ICSE32 = POT # " 32nd " # ICSE # " (ICSE '10)"}
@string{ICSE33 = POT # " 33rd " # ICSE # " (ICSE '11)"}
@string{ICSE34 = POT # " 34rd " # ICSE # " (ICSE '12)"}
@string{ICSE35 = POT # " 35rd " # ICSE # " (ICSE '13)"}

@string{EUROSYS = "ACM European Conference on Computer Systems"}
@string{EUROSYS4 = POT # " 2009 " # EUROSYS # " (EUROSYS '09)"}
@string{EUROSYS5 = POT # " 2010 " # EUROSYS # " (EUROSYS '10)"}
@string{EUROSYS6 = POT # " 2011 " # EUROSYS # " (EUROSYS '11)"}
@string{EUROSYS7 = POT # " 2012 " # EUROSYS # " (EUROSYS '12)"}
@string{EUROSYS8 = POT # " 2013 " # EUROSYS # " (EUROSYS '13)"}
@string{EUROSYS9 = POT # " 2014 " # EUROSYS # " (EUROSYS '14)"}

@string{FSE = "ACM SIGSOFT International Symposium on Foundations of Software Engineering"}
@string{ESEC = "European Software Engineering Conference"}
@string{ESECFSE = "Joint Meeting of the " # ESEC # " and the " # FSE}

@string{ESEC7FSE7 = POT # " Seventh " # ESEC # " held jointly with the Seventh " # FSE # " (ESEC/FSE-7)"}
@string{FSE8 = POT # " Eighth " # FSE # " (SIGSOFT '00/FSE-8)"}
@string{ESEC8FSE9 = POT # " Eighth " # ESEC # " held jointly with the Ninth " # FSE # " (ESEC/FSE-9)"}
@string{FSE10 = POT # " 10th " # FSE # " (SIGSOFT '02/FSE-10)"}
@string{ESEC9FSE11 = POT # " Ninth " # ESEC # " held jointly with the 11th " # FSE # " (ESEC/FSE-11)"} 
@string{FSE12 = POT # " 12th " # FSE # " (SIGSOFT '04/FSE-12)"}
@string{ESEC10FSE13 = POT # " 10th " # ESEC # " held jointly with the 13th " # FSE # " (ESEC/FSE-13)"}
@string{FSE14 = POT # " 14th " # FSE # " (SIGSOFT '06/FSE-14)"} 
@string{ESECFSE6 = POT # " Sixth " # ESECFSE # " (ESEC-FSE '07)"}
@string{FSE16 = POT # " 16th " # FSE # " (SIGSOFT '08/FSE-16)"} 
@string{ESECFSE7 = POT # " Seventh " # ESECFSE # " (ESEC-FSE '09)"}
@string{FSE18 = POT # " 18th " # FSE # " (SIGSOFT '10/FSE-18)"} 
@string{FSE20 = POT # " 20th " # FSE # " (SIGSOFT '12/FSE-20)"} 
@string{ESECFSE9 = POT # " Ninth " # ESECFSE # " (ESEC-FSE '13)"}


@string{CCS = "ACM conference on Computer and communications security"}
@string{CCS10 = POT # " 10th " # CCS # " (CCS '03)"}
@string{CCS11 = POT # " 11th " # CCS # " (CCS '04)"}
@string{CCS12 = POT # " 12th " # CCS # " (CCS '05)"}
@string{CCS13 = POT # " 13th " # CCS # " (CCS '06)"}
@string{CCS14 = POT # " 14th " # CCS # " (CCS '07)"}
@string{CCS15 = POT # " 15th " # CCS # " (CCS '08)"}
@string{CCS16 = POT # " 16th " # CCS # " (CCS '09)"}
@string{CCS17 = POT # " 17th " # CCS # " (CCS '10)"}
@string{CCS18 = POT # " 18th " # CCS # " (CCS '11)"}

@string{SP = "IEEE Symposium on Security and Privacy"}
@string{SP01 = POT # " 2001 " # SP # " (S\&P '01)"}
@string{SP02 = POT # " 2002 " # SP # " (S\&P '02)"}
@string{SP03 = POT # " 2003 " # SP # " (S\&P '03)"}
@string{SP04 = POT # " 2004 " # SP # " (S\&P '04)"}
@string{SP05 = POT # " 2005 " # SP # " (S\&P '05)"}
@string{SP06 = POT # " 2006 " # SP # " (S\&P '06)"}
@string{SP07 = POT # " 2007 " # SP # " (S\&P '07)"}
@string{SP15 = POT # " 2015 " # SP # " (S\&P '15)"}

@string{IMC2010 = "Proceedings of the 10th ACM SIGCOMM Conference on Internet Measurement"}
@string{HOTCLOUD2011 = "Proceedings of the 3rd USENIX Conference on Hot Topics in Cloud Computing"}
@string{INFOCOM2013 = "INFOCOM, 2013 Proceedings IEEE"}
@string{SC2012 = "Proceedings of the International Conference on High Performance Computing, Networking, Storage and Analysis"}

@string{EUROSYS2012 = EUROSYS7}
@string{SOCC2010 = "Proceedings of the 1st ACM symposium on Cloud computing"}
@string{CLOUD2011 = "Cloud Computing (CLOUD), 2011 IEEE International Conference on"}
@string{ACSD = "International Conference on Applications of Concurrency to System Design"}
@string{ACSD2 = POT # " Second " # ACSD # " (ACSD '01)"}


@string{IPDPS = "International Symposium on Parallel and Distributed Processing"}
@string{IPDPS14 = POT # " 14th " # IPDPS # " (IPDPS '00)"}

@String{pub-ANSI                = "American National Standards Institute"}
